@inproceedings{AbdallahGB24,
  title = {A Novel Partitioning Approach for Real-Time Scheduling of Mixed-Criticality Systems},
  author = {Hayfa Ben Abdallah and Hamza Gharsellaoui and Sadok Bouamama},
  year = {2024},
  doi = {10.5220/0012411200003636},
  url = {https://doi.org/10.5220/0012411200003636},
  pages = {882-889},
  booktitle = {Proceedings of the 16th International Conference on Agents and Artificial Intelligence, ICAART 2024, Volume 3, Rome, Italy, February 24-26, 2024},
  editor = {Ana Paula Rocha and Luc Steels and H. Jaap van den Herik},
  publisher = {SCITEPRESS},
  isbn = {978-989-758-680-4},
}

@INPROCEEDINGS{6122386,
  author={Abdallah, Nadine and Queudet, Audrey and Chetto, Maryline and Chehade, Rafic Hage},
  booktitle={2011 18th IEEE International Conference on Electronics, Circuits, and Systems},
  title={Partitioned EDF scheduling in multicore systems with quality of service constraints},
  year={2011},
  pages={764-767},
  doi={10.1109/ICECS.2011.6122386}
}

@article{zamora2013,
  author = {Zamorano, Juan and de la Puente, Juan Antonio},
  year = {2013},
  month = {11},
  pages = {33-39},
  title = {On real-time partitioned multicore systems},
  volume = {33},
  journal = {ACM SIGAda Ada Letters},
  doi = {10.1145/2552999.2553003}
}

@book{kopetzDist,
  author = {H. Kopetz},
  title = {Real-time systems: Design principles for distributed embedded applications},
  publisher = {Springer},
  year = {2011}
}

@INPROCEEDINGS{5953668,
  author={Zhang, Yi and Guan, Nan and Xiao, Yanbin and Yi, Wang},
  booktitle={2011 6th IEEE International Symposium on Industrial and Embedded Systems},
  title={Implementation and empirical comparison of partitioning-based multi-core scheduling},
  year={2011},
  pages={248-255},
  doi={10.1109/SIES.2011.5953668}
}

@INPROCEEDINGS{7832222,
  author={Zhu, Kai and Ding, Yun},
  booktitle={2017 9th International Conference on Measuring Technology and Mechatronics Automation (ICMTMA)},
  title={Research on Low Power Scheduling of Heterogeneous Multi Core Mission Based on Genetic Algorithm},
  year={2017},
  pages={219-223},
  doi={10.1109/ICMTMA.2017.0059}
}

@book{9999,
  author = {Jane W.S Liu},
  title = {Real-time Systems},
  publisher = {Pearson},
  year = {2006}
}

@INPROCEEDINGS{5465974,
  author={Guan, Nan and Stigge, Martin and Yi, Wang and Yu, Ge},
  booktitle={2010 16th IEEE Real-Time and Embedded Technology and Applications Symposium},
  title={Fixed-Priority Multiprocessor Scheduling with Liu and Layland's Utilization Bound},
  year={2010},
  pages={165-174},
  doi={10.1109/RTAS.2010.39}
}

@book{butazo99,
  author = {C Buttazzo},
  title = {Hard Real-time Computing Systems: Predictable Scheduling Algorithms and Applications},
  publisher = {Springer},
  year = {2011}
}

@book{french18,
  author = {M.Alabau and Dechaize, T.},
  title = {Temps-réel par échéance},
  publisher = {Ordonnancement},
  year = {1991}
}

@INPROCEEDINGS{6234619,
  author={Pan, Yang and Qiu, Jianlin and Chen, Li and Gu, Xiang and Chen, Jianping and Chen, Yanyun},
  booktitle={2012 8th International Conference on Natural Computation},
  title={The research of multi-core parallel technology},
  year={2012},
  pages={1056-1059},
  doi={10.1109/ICNC.2012.6234619}
}

@article{h2000,
  author = {Hammond, L. and Hubbert, B.A. and Siu, M. and Prabhu, M.K. and Chen, M. and Olukolun, K.},
  year = {2000},
  month = {04},
  pages = {71 - 84},
  title = {Stanford Hydra CMP},
  volume = {20},
  journal = {Micro, IEEE},
  doi = {10.1109/40.848474}
}

@inproceedings{lx2015,
  author = {Lian, Xiuzhen and Ning, Xiaoxi and Xie, Mingren and Yu, Farong},
  year = {2015},
  month = {01},
  title = {Cache Coherence Protocols in Shared-Memory Multiprocessors},
  doi = {10.2991/iccse-15.2015.52}
}

@ARTICLE{997877,
  author={Taylor, M.B. and Kim, J. and Miller, J. and Wentzlaff, D. and Ghodrat, F. and Greenwald, B. and Hoffman, H. and Johnson, P. and Jae-Wook Lee and Lee, W. and Ma, A. and Saraf, A. and Seneski, M. and Shnidman, N. and Strumpen, V. and Frank, M. and Amarasinghe, S. and Agarwal, A.},
  journal={IEEE Micro},
  title={The Raw microprocessor: a computational fabric for software circuits and general-purpose programs},
  year={2002},
  volume={22},
  number={2},
  pages={25-35},
  doi={10.1109/MM.2002.997877}
}

@INPROCEEDINGS{5194980,
  author={Benhai Zhou and Jianzhong Qiao and Shukuan Lin},
  booktitle={2009 Chinese Control and Decision Conference},
  title={Research on synthesis parameter real-time scheduling algorithm on multi-core architecture},
  year={2009},
  pages={5116-5120},
  doi={10.1109/CCDC.2009.5194980}
}

@book{sbmbgb,
  author = {Sanjoy Baruah and Marko Bertogna and Giorgio Buttazzo},
  title = {Multiprocessor Scheduling for Real-Time Systems},
  publisher = {Springer},
  year = {2015}
}

@Inbook{Fisher2016,
  author = {Fisher, Nathan and Baruah, Sanjoy K.},
  editor = {Kao, Ming-Yang},
  title = {Rate-Monotonic Scheduling},
  booktitle = {Encyclopedia of Algorithms},
  year = {2016},
  publisher = {Springer New York},
  address = {New York, NY},
  pages = {1784--1788},
  isbn = {978-1-4939-2864-4},
  doi = {10.1007/978-1-4939-2864-4_334},
  url = {https://doi.org/10.1007/978-1-4939-2864-4_334}
}

@article{thatindianpaper,
  author = {Bhardwaj, Poornima and Kumar, Vinod},
  year = {2013},
  month = {09},
  pages = {32-39},
  title = {An Effective Load Balancing Task Allocation Algorithm using Task Clustering},
  volume = {77},
  journal = {International Journal of Computer Applications},
  doi = {10.5120/13410-1064}
}

@article{anotherindianpaper,
  author = {Govil, Dr. Kapil},
  year = {2011},
  month = {08},
  title = {A Smart Algorithm for Dynamic Task Allocation for Distributed Processing Environment},
  volume = {28},
  journal = {International Journal of Computer Applications},
  doi = {10.5120/3362-4641}
}
